

% bibtex entry for Hubble 1929
@ARTICLE{Hubble1929,
       author = {{Hubble}, Edwin},
        title = "{A Relation between Distance and Radial Velocity among Extra-Galactic Nebulae}",
      journal = {Proceedings of the National Academy of Science},
         year = 1929,
        month = mar,
       volume = {15},
       number = {3},
        pages = {168-173},
          doi = {10.1073/pnas.15.3.168},
       adsurl = {https://ui.adsabs.harvard.edu/abs/1929PNAS...15..168H},
      adsnote = {Provided by the SAO/NASA Astrophysics Data System}
}
